<record><leader>00000cas a22000007a 4500</leader><controlfield tag="001">34103897</controlfield><controlfield tag="008">960130c19959999pauwr ne      0   a0eng c</controlfield><datafield ind1=" " ind2=" " tag="010"><subfield code="a">sn 96000033 </subfield></datafield><datafield ind1=" " ind2=" " tag="040"><subfield code="a">NSD</subfield><subfield code="b">eng</subfield><subfield code="c">NSD</subfield><subfield code="d">OCLCQ</subfield></datafield><datafield ind1=" " ind2=" " tag="012"><subfield code="m">1</subfield></datafield><datafield ind1="1" ind2=" " tag="022"><subfield code="a">1086-8356</subfield><subfield code="l">1086-8356</subfield><subfield code="2">1</subfield></datafield><datafield ind1=" " ind2=" " tag="032"><subfield code="a">457900</subfield><subfield code="b">USPS</subfield></datafield><datafield ind1=" " ind2=" " tag="037"><subfield code="b">Record-Enterprise, 122 S. Main St., Washington, PA 15301</subfield><subfield code="c">$21.00</subfield></datafield><datafield ind1=" " ind2=" " tag="042"><subfield code="a">nsdp</subfield><subfield code="a">pcc</subfield></datafield><datafield ind1=" " ind2="4" tag="222"><subfield code="a">The record-enterprise</subfield></datafield><datafield ind1="0" ind2="4" tag="245"><subfield code="a">The record-enterprise.</subfield></datafield><datafield ind1=" " ind2=" " tag="260"><subfield code="a">Washington, PA :</subfield><subfield code="b">Observer Pub. Co.</subfield></datafield><datafield ind1=" " ind2=" " tag="300"><subfield code="a">v.</subfield></datafield><datafield ind1=" " ind2=" " tag="310"><subfield code="a">Weekly</subfield></datafield><datafield ind1=" " ind2=" " tag="588"><subfield code="a">Description based on: Vol. 1, no. 21 (Dec. 27, 1995).</subfield></datafield><datafield ind1="0" ind2="0" tag="780"><subfield code="t">Record-outlook</subfield><subfield code="x">0747-2161</subfield><subfield code="w">(DLC)sn 84007719</subfield></datafield></record>